<?xml version="1.0" encoding="UTF-8"?><record xmlns="http://www.loc.gov/MARC21/slim" xmlns:cinclude="http://apache.org/cocoon/include/1.0" xmlns:zs="http://www.loc.gov/zing/srw/">
  <leader>00900cz  a2200133n  4500</leader>
  <controlfield tag="001">n 2007024706</controlfield>
  <controlfield tag="003">DLC</controlfield>
  <controlfield tag="005">20120817075206.0</controlfield>
  <controlfield tag="008">070409n| acannaabn          |n ana      </controlfield>
  <datafield tag="010" ind1=" " ind2=" ">
    <subfield code="a">n 2007024706</subfield>
  </datafield>
  <datafield tag="040" ind1=" " ind2=" ">
    <subfield code="a">DLC</subfield>
    <subfield code="b">eng</subfield>
    <subfield code="c">DLC</subfield>
    <subfield code="d">DLC</subfield>
  </datafield>
  <datafield tag="111" ind1="2" ind2=" ">
    <subfield code="a">Konferent︠s︡ii︠a︡ "Mir folʹklora v kontekste istorii i kulʹtury mongolʹskikh narodov"</subfield>
    <subfield code="d">(2005 :</subfield>
    <subfield code="c">Irkutskiĭ gosudarstvennyĭ universitet)</subfield>
  </datafield>
  <datafield tag="667" ind1=" " ind2=" ">
    <subfield code="a">THIS 1XX FIELD CANNOT BE USED UNDER RDA UNTIL THIS RECORD HAS BEEN REVIEWED AND/OR UPDATED</subfield>
  </datafield>
  <datafield tag="670" ind1=" " ind2=" ">
    <subfield code="a">Konferent︠s︡ii︠a︡ "Mir folʹklora v kontekste istorii i kulʹtury mongolʹskikh narodov" (2005 : Irkutskiĭ gosudarstvennyĭ universitet). Mir folʹklora v kontekste istorii i kulʹtury mongolʹskikh narodov, 2006:</subfield>
    <subfield code="b">p. 3 (Konferent︠s︡ii︠a︡ "Mir folʹklora v kontekste istorii i kulʹtury mongolʹskikh narodov"; held Oct. 13-15, 2005 at Irkutskiĭ gosudarstvennyĭ universitet)</subfield>
  </datafield>
</record>